@book{haber1991time,
  title={How to time-stamp a digital document},
  author={Haber, Stuart and Stornetta, W Scott},
  year={1991},
  publisher={Springer}
}

@article{nakamoto2008bitcoin,
  title={Bitcoin: A peer-to-peer electronic cash system},
  author={Nakamoto, Satoshi},
  journal={Decentralized business review},
  pages={21260},
  year={2008}
}

@misc{ eswiki:140708495,
  author = "Wikipedia",
  title = "Árbol de Merkle --- Wikipedia{,} La enciclopedia libre",
  year = "2022",
  url = "https://es.wikipedia.org/w/index.php?title=%C3%81rbol_de_Merkle&oldid=140708495",
  note = "[Internet; descargado 26-julio-2023]"
}

@misc{merkle1982method,
  title={Method of providing digital signatures},
  author={Merkle, Ralph C},
  year={1982},
  month=jan # "~5",
  publisher={Google Patents},
  note={US Patent 4,309,569}
}

@article{buterin2014next,
  title={A next-generation smart contract and decentralized application platform},
  author={Buterin, Vitalik},
  journal={white paper},
  volume={3},
  number={37},
  pages={2--1},
  year={2014}
}

@misc{githubGitHubAnders94blockchaindemo,
	author = {Anders94},
	title = {{G}it{H}ub - anders94/blockchain-demo: {A} web-based demonstration of blockchain concepts. --- github.com},
	howpublished = {\url{https://github.com/anders94/blockchain-demo/}},
	year = {},
	note = {[Accessed 26-Jun-2023]},
}
@misc{ enwiki:1158312728,
    author = "{Wikipedia contributors}",
    title = "Hash function --- {Wikipedia}{,} The Free Encyclopedia",
    year = "2023",
    url = "https://en.wikipedia.org/w/index.php?title=Hash_function&oldid=1158312728",
    note = "[Online; accessed 27-June-2023]"
  }

@misc{ nistSHA,
    title = "Hash functions Standards NIST",
    url = "https://csrc.nist.gov/projects/hash-functions",
    note = "[Online; accessed 27-June-2023]"
  }

  @misc{ enwiki:1162152127,
    author = "{Wikipedia contributors}",
    title = "Public-key cryptography --- {Wikipedia}{,} The Free Encyclopedia",
    year = "2023",
    url = "https://en.wikipedia.org/w/index.php?title=Public-key_cryptography&oldid=1162152127",
    note = "[Online; accessed 27-June-2023]"
  }

  @misc{ eswiki:151478126,
       author = "Wikipedia",
       title = "Prueba de apuesta --- Wikipedia{,} La enciclopedia libre",
       year = "2023",
       url = "https://es.wikipedia.org/w/index.php?title=Prueba_de_apuesta&oldid=151478126",
       note = "[Internet; descargado 27-mayo-2023]"
}

@misc{ eswiki:142632281,
       author = "Wikipedia",
       title = "Problema de los generales bizantinos --- Wikipedia{,} La enciclopedia libre",
       year = "2022",
       url = "https://es.wikipedia.org/w/index.php?title=Problema_de_los_generales_bizantinos&oldid=142632281",
       note = "[Internet; Accessed 27-Jun-2023]"
}

@misc{ eswiki:151281808,
       author = "Wikipedia",
       title = "Prueba de trabajo (algoritmo de consenso distribuido) --- Wikipedia{,} La enciclopedia libre",
       year = "2023",
       url = "https://es.wikipedia.org/w/index.php?title=Prueba_de_trabajo_(algoritmo_de_consenso_distribuido)&oldid=151281808",
       note = "[Internet; Accessed 20-mayo-2023]"
}

@misc{ethereumIntroduccinEthereum,
	author = {Ethereum.org},
	title = {{I}ntroducción a {E}thereum | ethereum.org --- ethereum.org},
	howpublished = {\url{https://ethereum.org/es/developers/docs/intro-to-ethereum/}},
	year = {},
	note = {[Accessed 27-Jun-2023]},
}

@misc{ethereumWeb2Web3,
	author = {},
	title = {{W}eb2 vs {W}eb3 | ethereum.org --- ethereum.org},
	howpublished = {\url{https://ethereum.org/en/developers/docs/web2-vs-web3/}},
	year = {},
	note = {[Accessed 27-Jun-2023]},
}

@misc{ethereumFeesEthereumorg,
	author = {Ethereum.org},
	title = {{G}as and fees | ethereum.org --- ethereum.org},
	howpublished = {\url{https://ethereum.org/en/developers/docs/gas/}},
	year = {},
	note = {[Accessed 28-Jun-2023]},
}

@misc{etherscanSepoliaBlocks,
	author = {etherscan.io},
	title = {{S}epolia {B}locks #3785657 | {E}therscan --- sepolia.etherscan.io},
	howpublished = {\url{https://sepolia.etherscan.io/block/3785657}},
	year = {},
	note = {[Accessed 28-Jun-2023]},
}

@misc{ipfsWhatIPFS,
	author = {},
	title = {{W}hat is {I}{P}{F}{S}? | {I}{P}{F}{S} {D}ocs --- docs.ipfs.tech},
	howpublished = {\url{https://docs.ipfs.tech/concepts/what-is-ipfs/#defining-ipfs}},
	year = {},
	note = {[Accessed 28-Jun-2023]},
}
@misc{nftNFTStorageFree,
	author = {},
	title = {{N}{F}{T}.{S}torage - {F}ree decentralized storage and bandwidth for {N}{F}{T}s on {I}{P}{F}{S} & {F}ilecoin. --- nft.storage},
	howpublished = {\url{https://nft.storage/}},
	year = {},
	note = {[Accessed 28-Jun-2023]},
}

@misc{filecoinOverview,
	author = {},
	title = {{O}verview --- docs.filecoin.io},
	howpublished = {\url{https://docs.filecoin.io/basics/what-is-filecoin/overview/}},
	year = {},
	note = {[Accessed 28-Jun-2023]},
}

@article{sachdeva2016scrum,
  title={Scrum Methodology},
  author={Sachdeva, Sakshi},
  journal={Int. J. Eng. Comput. Sci},
  volume={5},
  number={16792},
  pages={16792--16800},
  year={2016}
}
@article{schmidt1999wrapper,
  title={Wrapper Facade},
  author={Schmidt, Douglas C},
  journal={C++ Report, February},
  year={1999},
  publisher={Citeseer}
}



@misc{bigocheatsheetBigOAlgorithm,
	author = {},
	title = {{B}ig-{O} {A}lgorithm {C}omplexity {C}heat {S}heet ({K}now {T}hy {C}omplexities!) @ericdrowell --- bigocheatsheet.com},
	howpublished = {\url{https://www.bigocheatsheet.com/}},
	year = {},
	note = {[Accessed 28-Jun-2023]},
}

@misc{patternsHooksPattern,
	author = {},
	title = {{H}ooks {P}attern --- patterns.dev},
	howpublished = {\url{https://www.patterns.dev/posts/hooks-pattern}},
	year = {},
	note = {[Accessed 28-Jun-2023]},
}

@misc{memoryarraybuilding,
	author = {},
	title = {{M}emory {A}rray {B}uilding --- fravoll.github.io},
	howpublished = {\url{https://fravoll.github.io/solidity-patterns/memory_array_building.html}},
	year = {},
	note = {[Accessed 28-Jun-2023]},
}

@misc{soliditylangSolidityProgramming,
	author = {Solidity Team},
	title = {{S}olidity {P}rogramming {L}anguage --- soliditylang.org},
	howpublished = {\url{https://soliditylang.org/}},
	year = {},
	note = {[Accessed 29-Jun-2023]},
}

@misc{trufflesuiteTruffleOverview,
	author = {trufflesuite},
	title = {{T}ruffle | {O}verview - {T}ruffle {S}uite --- trufflesuite.com},
	howpublished = {\url{https://trufflesuite.com/docs/truffle/}},
	year = {},
	note = {[Accessed 29-Jun-2023]},
}

@misc{alchemyWhatNode,
	author = {Alchemy},
	title = {{W}hat is an {R}{P}{C} node? --- alchemy.com},
	howpublished = {\url{https://www.alchemy.com/overviews/rpc-node#how-to-run-your-own-rpc-node}},
	year = {},
	note = {[Accessed 29-Jun-2023]},
}

@misc{nftNextraNext,
	author = {nft.storage},
	title = {{N}extra: the next docs builder --- nft.storage},
	howpublished = {\url{https://nft.storage/docs/quickstart/}},
	year = {},
	note = {[Accessed 29-Jun-2023]},
}

@misc{typescriptlangDocumentationBasics,
	author = {typescriptlang.org},
	title = {{D}ocumentation - {T}he {B}asics --- typescriptlang.org},
	howpublished = {\url{https://www.typescriptlang.org/docs/handbook/2/basic-types.html}},
	year = {},
	note = {[Accessed 29-Jun-2023]},
}

@misc{transformHTML,
	author = {Ritesh Kumar},
	title = {{H}{T}{M}{L} to {J}{S}{X} --- transform.tools},
	howpublished = {\url{https://transform.tools/html-to-jsx}},
	year = {},
	note = {[Accessed 29-Jun-2023]},
}

@misc{reactjsPresentandoReact,
	author = {reactjs.org},
	title = {{P}resentando {J}{S}{X} – {R}eact --- es.legacy.reactjs.org},
	howpublished = {\url{https://es.legacy.reactjs.org/docs/introducing-jsx.html}},
	year = {},
	note = {[Accessed 29-Jun-2023]},
}

@misc{ eswiki:149441191,
       author = "Wikipedia",
       title = "React --- Wikipedia{,} La enciclopedia libre",
       year = "2023",
       url = "https://es.wikipedia.org/w/index.php?title=React&oldid=149441191",
       note = "[Internet; descargado 22-febrero-2023]"
}

@misc{devCreateReact,
	author = {musabdev},
	title = {{C}reate {R}eact {A}pp vs {V}ite: {C}hoosing the {R}ight {B}uild {T}ool for {Y}our {P}roject --- dev.to},
	howpublished = {\url{https://dev.to/musabdev/create-react-app-vs-vite-choosing-the-right-build-tool-for-your-project-3ni1}},
	year = {},
	note = {[Accessed 29-Jun-2023]},
}

@misc{vitejsVite,
	author = {vitejs.dev},
	title = {{V}ite --- vitejs.dev},
	howpublished = {\url{https://vitejs.dev/guide/why.html}},
	year = {},
	note = {[Accessed 29-Jun-2023]},
}

@misc{vercelProjectsDeployments,
	author = {Vercel},
	title = {{P}rojects and deployments --- vercel.com},
	howpublished = {\url{https://vercel.com/docs/getting-started-with-vercel/projects-deployments}},
	year = {},
	note = {[Accessed 29-Jun-2023]},
}

@misc{tailwindcssResponsiveDesign,
	author = {tailwindcss},
	title = {{R}esponsive {D}esign - {T}ailwind {C}{S}{S} --- tailwindcss.com},
	howpublished = {\url{https://tailwindcss.com/docs/responsive-design}},
	year = {},
	note = {[Accessed 29-Jun-2023]},
}

@misc{web3jsWeb3jsEthereum,
	author = {Web3jsEthereum},
	title = {web3.js - {E}thereum {J}ava{S}cript {A}{P}{I} &#x2014; web3.js 1.0.0 documentation --- web3js.readthedocs.io},
	howpublished = {\url{https://web3js.readthedocs.io/en/v1.10.0/}},
	year = {},
	note = {[Accessed 29-Jun-2023]},
}

@misc{nodejsNodejs,
	author = {nodejs.org},
	title = {{N}ode.js --- nodejs.org},
	howpublished = {\url{https://nodejs.org/es}},
	year = {},
	note = {[Accessed 29-Jun-2023]},
}

@misc{metamaskHomeMetaMask,
	author = {Metamask},
	title = {{H}ome | {M}eta{M}ask developer documentation --- docs.metamask.io},
	howpublished = {\url{https://docs.metamask.io/}},
	year = {},
	note = {[Accessed 29-Jun-2023]},
}

@misc{gitscm,
	author = {git-scm},
	title = {{G}it --- git-scm.com},
	howpublished = {\url{https://git-scm.com/video/what-is-version-control}},
	year = {},
	note = {[Accessed 29-Jun-2023]},
}

@misc{solidityesContratosx2014,
	author = {solidity},
	title = {{C}ontratos &#x2014; documentaci&#x{F}3;n de {S}olidity - {U}{N}{K}{N}{O}{W}{N} --- solidity-es.readthedocs.io},
	howpublished = {\url{https://solidity-es.readthedocs.io/es/latest/contracts.html#visibilidad-y-getters}},
	year = {},
	note = {[Accessed 29-Jun-2023]},
}

@misc{cryptozombiesCryptoZombiesAprende,
	author = {CryptoZombies},
	title = {{C}rypto{Z}ombies - {A}prende a programar en {E}thereum. {I}mpulsado por {L}oom {N}etwork --- cryptozombies.io},
	howpublished = {\url{https://cryptozombies.io/es/}},
	year = {},
	note = {[Accessed 29-Jun-2023]},
}

@misc{trufflePetShop,
	author = {trufflesuite},
	title = {pet-shop},
	howpublished = {\url{https://trufflesuite.com/guides/pet-shop/}},
	year = {},
	note = {[Accessed 29-Jun-2023]},
 }

 @misc{erc721, title={ERC-721: Non-Fungible token standard}, url={https://eips.ethereum.org/EIPS/eip-721}, journal={Ethereum Improvement Proposals}, author={William Entriken (@fulldecent), Dieter Shirley}, year={2018}, month={Jan}} 

 @misc{ethereumNodesService,
	author = {ethereum.org},
	title = {{N}odes as a service | ethereum.org --- ethereum.org},
	howpublished = {\url{https://ethereum.org/en/developers/docs/nodes-and-clients/nodes-as-a-service/}},
	year = {},
	note = {[Accessed 29-Jun-2023]},
}

@misc{alchemyAlchemyQuickstart,
	author = {Alchemy},
	title = {{A}lchemy {Q}uickstart {G}uide --- docs.alchemy.com},
	howpublished = {\url{https://docs.alchemy.com/docs/alchemy-quickstart-guide}},
	year = {},
	note = {[Accessed 29-Jun-2023]},
}

@misc{etherscanTESTNETSepolia,
	author = {etherscan.io},
	title = {{T}{E}{S}{T}{N}{E}{T} {S}epolia ({E}{T}{H}) {B}lockchain {E}xplorer --- sepolia.etherscan.io},
	howpublished = {\url{https://sepolia.etherscan.io/}},
	year = {},
	note = {[Accessed 29-Jun-2023]},
}