@misc{stackoverflowsurvey,
	author = {StackOverflow},
	title = {{S}tack {O}verflow {D}eveloper {S}urvey 2022 --- survey.stackoverflow.co},
	howpublished = {\url{https://survey.stackoverflow.co/2022#top-paying-technologies-programming-scripting-and-markup-languages}},
	year = {},
	note = {[Accessed 02-Jul-2023]},
}

@misc{impuestosSS,
	author = {SeguridadSocial},
	title = {{S}eguridad {S}ocial: {C}otizaci&#x{F}3;n / {R}ecaudaci&#x{F}3;n de {T}rabajadores --- seg-social.es},
	howpublished = {\url{https://www.seg-social.es/wps/portal/wss/internet/Trabajadores/CotizacionRecaudacionTrabajadores/36537#36538}},
	year = {},
	note = {[Accessed 02-Jul-2023]},
}